% Encoding: UTF-8

@Article{Flanner2007,
  author  = {Flanner, Mark and Zender, Charles and Randerson, James and Rasch, P.},
  title   = {Present-day climate forcing and response from black carbon in snow},
  journal = {Journal of Geophysical Research},
  year    = {2007},
  volume  = {112},
  doi     = {10.1029/2006JD008003},
}

@TechReport{CLM4.5tech,
  author      = {Oleson, K. and Lawrence, D. M. and Bonan, G. B. and Drewniak, B. and Huang, M. and Koven, C. D. and Yang, Z.-L.},
  institution = {NCAR/UCAR},
  title       = {Technical description of version 4.5 of the Community Land Model (CLM)},
  year        = {2013},
  type        = {techreport},
  doi         = {10.5065/D6RR1W7M},
}

@Article{Grenfell1999,
  author  = {Grenfell, T. C. and Warren, S. G.},
  title   = {Representation of a nonspherical ice particle by a collection of independent spheres for scattering and absorption of radiation},
  journal = {Journal of Geophysical Research: Atmospheres},
  year    = {1999},
  volume  = {104},
  number  = {D24},
  pages   = {31697-31709},
  doi     = {10.1029/1999JD900496},
}

@Article{Volodin2017,
  author  = {Volodin, Evgeny and Mortikov, Evgeny and Kostrykin, Sergey and Galin, V. and Lykossov, Vasily and Gritsun, Andrey and Diansky, Nikolay and Gusev, Anatoly and Iakovlev, Nikolay},
  title   = {Simulation of the present-day climate with the climate model INMCM5},
  journal = {Climate Dynamics},
  year    = {2017},
  volume  = {49},
  doi     = {10.1007/s00382-017-3539-7},
}

@Article{Volodin1998,
  author   = {Володин, Е. М. and Лыкосов, В. Н.},
  journal  = {Известия РАН. Физика атмосферы и океана},
  title    = {Параметризация процессов тепло- и влагообмена в системе растительность – почва для моделирования общей циркуляции атмосферы. 1. Описание и расчеты с использованием локальных данных наблюдений},
  year     = {1998},
  number   = {4},
  pages    = {453–465},
  language = {russian},
}

@Article{Chernenkov2021rus,
  author   = {Черненков, А. Ю. and Кострыкин, С. В.},
  journal  = {Известия РАН. Физика атмосферы и океана},
  title    = {Оценка радиационного форсинга от загрязнения снега черным углеродом по данным климатической модели},
  year     = {2021},
  number   = {2},
  pages    = {146--155},
  doi      = {10.31857/S0002351521020036},
  language = {russian},
}

@Article{Gusev2002,
  author  = {Gusev, Yeugeniy M. and Nasonova, Olga N.},
  title   = {The simulation of heat and water exchange at the land–atmosphere interface for the boreal grassland by the land-surface model SWAP},
  journal = {Hydrological Processes},
  year    = {2002},
  volume  = {16},
  number  = {10},
  pages   = {1893– 1919},
  doi     = {10.1002/hyp.362},
}

@Book{Stock,
  title     = {Формирование речного стока. Физико-математические модели},
  publisher = {Наука, Москва},
  year      = {1983},
  author    = {Кучмент, Л. С. and Демидов, В. Н. and Мотовилов, Ю. Г.},
  editor    = {Музылев, С. В.},
  volume    = {216},
  language  = {russian},
}

@Article{YOSIDA1955,
  author  = {Yosida, Zyungo et al},
  title   = {Physical Studies on Deposited Snow. Thermal Properties.},
  journal = {Contributions from the Institute of Low Temperature Science},
  year    = {1955},
  volume  = {7},
  pages   = {19-74},
}

@Conference{MSARD2019,
  author    = {Гинзбург, В. А. and Кострыкин, С. В. and Корнева, И. А. and Бардин, М. Ю. and Коротков, В. Н. and Черненков, А. and Полумиева, П. Д. and Лытов, В. М. and Зеленова, М. С.},
  booktitle = {Международный симпозиум «Атмосферная радиация и динамика» (МСАРД – 2019), 25 – 27 июня 2019, Санкт-Петербург, Тезисы.},
  title     = {Возможное влияние переноса черного углерода от лесных пожаров на изменение альбедо поверхности и баланс коротковолновой радиации в Арктическом регионе},
  year      = {2019},
  language  = {russian},
}

@Conference{mipt2019,
  author    = {Черненков, А. Ю.},
  title     = {Оценка радиационного форсинга над сушей от загрязнения снега черным углеродом с помощью радиационной модели SNICAR и данных климатической модели INMCM5},
  booktitle = {Труды 62-й Всероссийской научной конференции МФТИ, 18-24 ноября 2019 года, Прикладные математика и информатика, Секция вычислительных технологий и моделирования, Тезисы.},
  year      = {2019},
  language  = {russian},
}

@Conference{mipt2020,
  author    = {Черненков, А. Ю.},
  title     = {Разработка параметризации альбедо снежной поверхности с использованием радиационной модели SNICAR},
  booktitle = {Труды 63-й Всероссийской научной конференции МФТИ. 23–29 ноября 2020 года, Прикладные математика и информатика, Секция вычислительных технологий и моделирования, Тезисы.},
  year      = {2020},
  language  = {russian},
}

@Conference{EGU2020poster,
  author    = {Chernenkov, Alexey and Kostrykin, Sergey and Ginzburg, Veronika},
  booktitle = {EGU2020: Sharing Geoscience Online, ITS2.15/BG2.25 Pan-Eurasian EXperiment (PEEX) – Observation, Modelling and Assessment in the Arctic-Boreal Domain, Abstract},
  title     = {Evaluation of radiation forcing from snow pollution by black carbon emissions from forest fires using the SNICAR radiation model and data from the INMCM5 climate model (Poster)},
  year      = {2020},
  doi       = {10.5194/egusphere-egu2020-763},
}

@Conference{EGU2020,
  author    = {Ginzburg, Veronika and Kostrykin, Sergey and Korotkov, Vladimir and Revokatovа, Anastasia and Polumieva, Polina and Chernenkov, Alexey and Zelenova, Maria},
  title     = {Estimation of possible impact of black carbon emissions from 2019 large Siberian forest wildfires on the Arctic region},
  booktitle = {EGU2020: Sharing Geoscience Online, ITS2.15/BG2.25 Pan-Eurasian EXperiment (PEEX) – Observation, Modelling and Assessment in the Arctic-Boreal Domain, Abstract.},
  year      = {2020},
  doi       = {10.5194/egusphere-egu2020-13095},
}

@Conference{Arctic2020,
  author    = {Кострыкин, С. В. and Черненков, А. Ю. and Гинзбург, В. А.},
  title     = {Исследование аномалий радиационного баланса в Арктике, возникших вследствие выбросов черного углерода при лесных пожарах в Сибири 2019г.},
  booktitle = {Вторая Всероссийская научная конференция «Мониторинг состояния и загрязнения окружающей среды. Экосистемы и климат Арктической зоны». Москва, 25-27 ноября 2020г, Расширенные тезисы докладов.},
  year      = {2020},
  language  = {russian},
}

@Article{Grenfell2005,
  author  = {Grenfell, Thomas C. and Neshyba, Steven P. and Warren, Stephen G.},
  title   = {Representation of a nonspherical ice particle by a collection of independent spheres for scattering and absorption of radiation: 3. Hollow columns and plates},
  journal = {Journal of Geophysical Research: Atmospheres},
  year    = {2005},
  volume  = {110},
  number  = {D17},
  doi     = {https://doi.org/10.1029/2005JD005811},
}

@Article{He2018,
  author  = {He, C. and Flanner, M. G. and Chen, F. and Barlage, M. and Liou, K.-N. and Kang, S. and Ming, J. and Qian, Y.},
  title   = {Black carbon-induced snow albedo reduction over the Tibetan Plateau: uncertainties from snow grain shape and aerosol--snow mixing state based on an updated SNICAR model},
  journal = {Atmospheric Chemistry and Physics},
  year    = {2018},
  volume  = {18},
  number  = {15},
  pages   = {11507--11527},
  doi     = {10.5194/acp-18-11507-2018},
}

@Article{Flanner2006,
  author  = {Flanner, Mark G. and Zender, Charles S.},
  title   = {Linking snowpack microphysics and albedo evolution},
  journal = {Journal of Geophysical Research: Atmospheres},
  year    = {2006},
  volume  = {111},
  number  = {D12},
  doi     = {10.1029/2005JD006834},
}

@Article{Volodina2000,
  author   = {Володина, Е. Е. and Бенгтссон, Л. and Лыкосов, В. Н.},
  title    = {Параметризация процессов тепловлагопереноса в снежном покрове для моделирования сезонных вариаций гидрологического цикла суши},
  journal  = {Метеорология и гидрология},
  year     = {2000},
  volume   = {10},
  number   = {5},
  language = {russian},
}

@Article{Saito2019,
  author  = {Saito, Masanori and Yang, Ping and Loeb, Norman and Kato, Seiji},
  journal = {Journal of the Atmospheric Sciences},
  title   = {A Novel Parameterization of Snow Albedo Based on a Two-Layer Snow Model with a Mixture of Grain Habits},
  year    = {2019},
  volume  = {76},
  doi     = {10.1175/JAS-D-18-0308.1},
}

@Article{Conway1996,
  author  = {Conway, H. and Gades, Anthony and Raymond, C.},
  journal = {Water Resources Research - WATER RESOUR RES},
  title   = {Albedo of Dirty Snow During Conditions of Melt},
  year    = {1996},
  volume  = {32},
  doi     = {10.1029/96WR00712},
}

@Article{Mudryk2020,
  author  = {Mudryk, L. and Santolaria-Ot\'{\i}n, M. and Krinner, G. and M\'en\'egoz, M. and Derksen, C. and Brutel-Vuilmet, C. and Brady, M. and Essery, R.},
  journal = {The Cryosphere},
  title   = {Historical Northern Hemisphere snow cover trends and projected changes in the CMIP6 multi-model ensemble},
  year    = {2020},
  number  = {7},
  pages   = {2495--2514},
  volume  = {14},
  doi     = {10.5194/tc-14-2495-2020},
}

@Article{Gueymard2019,
  author  = {Christian A. Gueymard and Vicente Lara-Fanego and Manajit Sengupta and Yu Xie},
  title   = {Surface albedo and reflectance: Review of definitions, angular and spectral effects, and intercomparison of major data sources in support of advanced solar irradiance modeling over the Americas},
  journal = {Solar Energy},
  year    = {2019},
  volume  = {182},
  pages   = {194-212},
  issn    = {0038-092X},
  doi     = {10.1016/j.solener.2019.02.040},
}

@InBook{He2020,
  pages     = {67--133},
  title     = {Snow Albedo and Radiative Transfer: Theory, Modeling, and Parameterization},
  publisher = {Springer International Publishing},
  year      = {2020},
  author    = {He, Cenlin and Flanner, Mark},
  editor    = {Kokhanovsky, Alexander},
  isbn      = {978-3-030-38696-2},
  booktitle = {Springer Series in Light Scattering: Volume 5: Radiative Transfer, Remote Sensing, and Light Scattering},
  doi       = {10.1007/978-3-030-38696-2_3},
}

@Misc{Bak2019,
  author       = {Черненков, А. Ю.},
  howpublished = {Бакалаврская квалификационная работа},
  title        = {Оценка радиационного форсинга над сушей от загрязнения снега черным углеродом с помощью радиационной модели SNICAR и данных климатической модели INMCM},
  year         = {2019},
  language     = {russian},
  school       = {МФТИ(НИУ)},
}

@Article{Brun1989,
  author    = {Brun, E.},
  journal   = {Annals of Glaciology},
  title     = {Investigation on Wet-Snow Metamorphism in Respect of Liquid-Water Content},
  year      = {1989},
  pages     = {22–26},
  volume    = {13},
  doi       = {10.3189/S0260305500007576},
  publisher = {Cambridge University Press},
}

@PhdThesis{Machulskaya_diss,
  author   = {Мачульская, Е. Е.},
  school   = {МГУ, географический факультет; ИВМ РАН},
  title    = {Моделирование и диагноз процессов тепловлагообмена между атмосферой и сушей в условиях холодного климата},
  year     = {2001},
  language = {russian},
}

@Comment{jabref-meta: databaseType:bibtex;}
